@article{cai23,
  title={An online mammography database with biopsy confirmed types},
  author={Cai, Hongmin and Wang, Jinhua and Dan, Tingting and Li, Jiao and Fan, Zhihao and Yi, Weiting and Cui, Chunyan and Jiang, Xinhua and Li, Li},
  journal={Scientific Data},
  volume={10},
  number={1},
  pages={123},
  year={2023},
  publisher={Nature Publishing Group UK London}
}
